@Manual{R-rmarkdown,
    title = {rmarkdown: Dynamic Documents for R},
    author = {JJ Allaire and Yihui Xie and Jonathan McPherson and Javier Luraschi and Kevin Ushey and Aron Atkins and Hadley Wickham and Joe Cheng and Winston Chang and Richard Iannone},
    year = {2020},
    note = {R package version 2.3},
    url = {https://github.com/rstudio/rmarkdown},
  }
  
@Manual{R-bookdown,
    title = {bookdown: Authoring Books and Technical Documents with R Markdown},
    author = {Yihui Xie},
    year = {2020},
    note = {R package version 0.20},
    url = {https://github.com/rstudio/bookdown},
  }

@Manual{R-rticles,
    title = {rticles: Article Formats for R Markdown},
    author = {JJ Allaire and Yihui Xie and {R Foundation} and Hadley Wickham and {Journal of Statistical Software} and Ramnath  Vaidyanathan and {Association for Computing Machinery} and Carl Boettiger and {Elsevier} and Karl Broman and Kirill Mueller and Bastiaan Quast and Randall  Pruim and Ben Marwick and Charlotte Wickham and Oliver Keyes and Miao Yu and Daniel Emaasit and Thierry Onkelinx and Alessandro Gasparini and Marc-Andre Desautels and Dominik Leutnant and {MDPI} and {Taylor and Francis} and Oğuzhan Öğreden and Dalton Hance and Daniel Nüst and Petter Uvesten and Elio Campitelli and John Muschelli and Zhian N. Kamvar and Noam Ross and Robrecht Cannoodt and Duncan Luguern and David M. Kaplan},
    year = {2020},
    note = {R package version 0.14},
    url = {https://CRAN.R-project.org/package=rticles},
  }

@Manual{R-knitr,
  title = {knitr: A General-Purpose Package for Dynamic Report Generation in R},
  author = {Yihui Xie},
  year = {2020},
  note = {R package version 1.29},
  url = {https://CRAN.R-project.org/package=knitr},
}

@Book{R-ggplot2,
    author = {Hadley Wickham},
    title = {ggplot2: Elegant Graphics for Data Analysis},
    publisher = {Springer-Verlag New York},
    year = {2016},
    isbn = {978-3-319-24277-4},
    url = {https://ggplot2.tidyverse.org},
  }

@Manual{R-dplyr,
  title = {dplyr: A Grammar of Data Manipulation},
  author = {Hadley Wickham and Romain François and Lionel Henry and Kirill Müller},
  year = {2020},
  note = {R package version 1.0.0},
  url = {https://CRAN.R-project.org/package=dplyr},
}

@Manual{R-tsibble,
  title = {tsibble: Tidy Temporal Data Frames and Tools},
  author = {Earo Wang and Di Cook and Rob Hyndman and Mitchell O'Hara-Wild},
  year = {2020},
  note = {R package version 0.9.1},
  url = {https://CRAN.R-project.org/package=tsibble},
}

@Manual{R-gravitas,
  title = {gravitas: Explore Probability Distributions for Bivariate Temporal
Granularities},
  author = {Sayani Gupta and Rob Hyndman and Di Cook and Antony Unwin},
  year = {2020},
  note = {R package version 0.1.3},
  url = {https://github.com/Sayani07/gravitas/},
}

@Manual{R-magrittr,
  title = {magrittr: A Forward-Pipe Operator for R},
  author = {Stefan Milton Bache and Hadley Wickham},
  year = {2014},
  note = {R package version 1.5},
  url = {https://CRAN.R-project.org/package=magrittr},
}

@Manual{R-ggpubr,
    title = {ggpubr: 'ggplot2' Based Publication Ready Plots},
    author = {Alboukadel Kassambara},
    year = {2020},
    note = {R package version 0.4.0},
    url = {https://CRAN.R-project.org/package=ggpubr},
  }
  
@Manual{R-kableExtra,
    title = {kableExtra: Construct Complex Table with 'kable' and Pipe Syntax},
    author = {Hao Zhu},
    year = {2019},
    note = {R package version 1.1.0},
    url = {https://CRAN.R-project.org/package=kableExtra},
  }  

@Manual{R-renv,
    title = {renv: Project Environments},
    author = {Kevin Ushey},
    year = {2020},
    note = {R package version 0.11.0},
    url = {https://CRAN.R-project.org/package=renv},
  }

@Manual{R-readr,
    title = {readr: Read Rectangular Text Data},
    author = {Hadley Wickham and Jim Hester and Romain Francois},
    year = {2018},
    note = {R package version 1.3.1},
    url = {https://CRAN.R-project.org/package=readr},
  }
  
@Manual{R-purrr,
  title = {purrr: Functional Programming Tools},
  author = {Lionel Henry and Hadley Wickham},
  year = {2020},
  note = {R package version 0.3.4},
  url = {https://CRAN.R-project.org/package=purrr},
}